%YAML 1.1
%TAG !u! tag:unity3d.com,2011:
--- !u!1 &411406655001634807
GameObject:
  m_ObjectHideFlags: 0
  m_CorrespondingSourceObject: {fileID: 0}
  m_PrefabInstance: {fileID: 0}
  m_PrefabAsset: {fileID: 0}
  serializedVersion: 6
  m_Component:
  - component: {fileID: 8503976835683572641}
  m_Layer: 0
  m_Name: EstanteAlto 1
  m_TagString: Untagged
  m_Icon: {fileID: 0}
  m_NavMeshLayer: 0
  m_StaticEditorFlags: 0
  m_IsActive: 1
--- !u!4 &8503976835683572641
Transform:
  m_ObjectHideFlags: 0
  m_CorrespondingSourceObject: {fileID: 0}
  m_PrefabInstance: {fileID: 0}
  m_PrefabAsset: {fileID: 0}
  m_GameObject: {fileID: 411406655001634807}
  m_LocalRotation: {x: 0, y: 0, z: 0, w: 1}
  m_LocalPosition: {x: 0, y: 0, z: 0}
  m_LocalScale: {x: 1, y: 1, z: 1}
  m_ConstrainProportionsScale: 0
  m_Children:
  - {fileID: 2064795486634476824}
  - {fileID: 5069008726644856881}
  - {fileID: 1379664375284866473}
  - {fileID: 478860820979027462}
  - {fileID: 5423429242241105469}
  - {fileID: 1261050701138848859}
  - {fileID: 4342972426654497054}
  - {fileID: 1900341470631729639}
  m_Father: {fileID: 0}
  m_RootOrder: 0
  m_LocalEulerAnglesHint: {x: 0, y: 0, z: 0}
--- !u!1001 &85559718528149997
PrefabInstance:
  m_ObjectHideFlags: 0
  serializedVersion: 2
  m_Modification:
    m_TransformParent: {fileID: 8503976835683572641}
    m_Modifications:
    - target: {fileID: -8679921383154817045, guid: 5b88a9168e00f40559db31a5266b81e5, type: 3}
      propertyPath: m_RootOrder
      value: 3
      objectReference: {fileID: 0}
    - target: {fileID: -8679921383154817045, guid: 5b88a9168e00f40559db31a5266b81e5, type: 3}
      propertyPath: m_LocalPosition.x
      value: -0.339
      objectReference: {fileID: 0}
    - target: {fileID: -8679921383154817045, guid: 5b88a9168e00f40559db31a5266b81e5, type: 3}
      propertyPath: m_LocalPosition.y
      value: 0.032
      objectReference: {fileID: 0}
    - target: {fileID: -8679921383154817045, guid: 5b88a9168e00f40559db31a5266b81e5, type: 3}
      propertyPath: m_LocalPosition.z
      value: 0.275
      objectReference: {fileID: 0}
    - target: {fileID: -8679921383154817045, guid: 5b88a9168e00f40559db31a5266b81e5, type: 3}
      propertyPath: m_LocalRotation.w
      value: 0.9941425
      objectReference: {fileID: 0}
    - target: {fileID: -8679921383154817045, guid: 5b88a9168e00f40559db31a5266b81e5, type: 3}
      propertyPath: m_LocalRotation.x
      value: -0
      objectReference: {fileID: 0}
    - target: {fileID: -8679921383154817045, guid: 5b88a9168e00f40559db31a5266b81e5, type: 3}
      propertyPath: m_LocalRotation.y
      value: -0.10807736
      objectReference: {fileID: 0}
    - target: {fileID: -8679921383154817045, guid: 5b88a9168e00f40559db31a5266b81e5, type: 3}
      propertyPath: m_LocalRotation.z
      value: -0
      objectReference: {fileID: 0}
    - target: {fileID: -8679921383154817045, guid: 5b88a9168e00f40559db31a5266b81e5, type: 3}
      propertyPath: m_LocalEulerAnglesHint.x
      value: 0
      objectReference: {fileID: 0}
    - target: {fileID: -8679921383154817045, guid: 5b88a9168e00f40559db31a5266b81e5, type: 3}
      propertyPath: m_LocalEulerAnglesHint.y
      value: -12.409
      objectReference: {fileID: 0}
    - target: {fileID: -8679921383154817045, guid: 5b88a9168e00f40559db31a5266b81e5, type: 3}
      propertyPath: m_LocalEulerAnglesHint.z
      value: 0
      objectReference: {fileID: 0}
    - target: {fileID: 919132149155446097, guid: 5b88a9168e00f40559db31a5266b81e5, type: 3}
      propertyPath: m_Name
      value: SM_Hosp_Book3_001
      objectReference: {fileID: 0}
    m_RemovedComponents: []
  m_SourcePrefab: {fileID: 100100000, guid: 5b88a9168e00f40559db31a5266b81e5, type: 3}
--- !u!4 &478860820979027462 stripped
Transform:
  m_CorrespondingSourceObject: {fileID: -8679921383154817045, guid: 5b88a9168e00f40559db31a5266b81e5, type: 3}
  m_PrefabInstance: {fileID: 85559718528149997}
  m_PrefabAsset: {fileID: 0}
--- !u!1001 &1490467236293442114
PrefabInstance:
  m_ObjectHideFlags: 0
  serializedVersion: 2
  m_Modification:
    m_TransformParent: {fileID: 8503976835683572641}
    m_Modifications:
    - target: {fileID: -8679921383154817045, guid: 0567d964132c04589841232424796f5b, type: 3}
      propertyPath: m_RootOrder
      value: 2
      objectReference: {fileID: 0}
    - target: {fileID: -8679921383154817045, guid: 0567d964132c04589841232424796f5b, type: 3}
      propertyPath: m_LocalScale.x
      value: 0.83206
      objectReference: {fileID: 0}
    - target: {fileID: -8679921383154817045, guid: 0567d964132c04589841232424796f5b, type: 3}
      propertyPath: m_LocalScale.y
      value: 0.83206
      objectReference: {fileID: 0}
    - target: {fileID: -8679921383154817045, guid: 0567d964132c04589841232424796f5b, type: 3}
      propertyPath: m_LocalScale.z
      value: 0.83206
      objectReference: {fileID: 0}
    - target: {fileID: -8679921383154817045, guid: 0567d964132c04589841232424796f5b, type: 3}
      propertyPath: m_LocalPosition.x
      value: -0.674
      objectReference: {fileID: 0}
    - target: {fileID: -8679921383154817045, guid: 0567d964132c04589841232424796f5b, type: 3}
      propertyPath: m_LocalPosition.y
      value: 0.0977
      objectReference: {fileID: 0}
    - target: {fileID: -8679921383154817045, guid: 0567d964132c04589841232424796f5b, type: 3}
      propertyPath: m_LocalPosition.z
      value: 0.245
      objectReference: {fileID: 0}
    - target: {fileID: -8679921383154817045, guid: 0567d964132c04589841232424796f5b, type: 3}
      propertyPath: m_LocalRotation.w
      value: 0.8448799
      objectReference: {fileID: 0}
    - target: {fileID: -8679921383154817045, guid: 0567d964132c04589841232424796f5b, type: 3}
      propertyPath: m_LocalRotation.x
      value: -0
      objectReference: {fileID: 0}
    - target: {fileID: -8679921383154817045, guid: 0567d964132c04589841232424796f5b, type: 3}
      propertyPath: m_LocalRotation.y
      value: -0.53495616
      objectReference: {fileID: 0}
    - target: {fileID: -8679921383154817045, guid: 0567d964132c04589841232424796f5b, type: 3}
      propertyPath: m_LocalRotation.z
      value: -0
      objectReference: {fileID: 0}
    - target: {fileID: -8679921383154817045, guid: 0567d964132c04589841232424796f5b, type: 3}
      propertyPath: m_LocalEulerAnglesHint.x
      value: 0
      objectReference: {fileID: 0}
    - target: {fileID: -8679921383154817045, guid: 0567d964132c04589841232424796f5b, type: 3}
      propertyPath: m_LocalEulerAnglesHint.y
      value: -64.682
      objectReference: {fileID: 0}
    - target: {fileID: -8679921383154817045, guid: 0567d964132c04589841232424796f5b, type: 3}
      propertyPath: m_LocalEulerAnglesHint.z
      value: 0
      objectReference: {fileID: 0}
    - target: {fileID: 919132149155446097, guid: 0567d964132c04589841232424796f5b, type: 3}
      propertyPath: m_Name
      value: SM_Hosp_Book1_001 (2)
      objectReference: {fileID: 0}
    m_RemovedComponents: []
  m_SourcePrefab: {fileID: 100100000, guid: 0567d964132c04589841232424796f5b, type: 3}
--- !u!4 &1379664375284866473 stripped
Transform:
  m_CorrespondingSourceObject: {fileID: -8679921383154817045, guid: 0567d964132c04589841232424796f5b, type: 3}
  m_PrefabInstance: {fileID: 1490467236293442114}
  m_PrefabAsset: {fileID: 0}
--- !u!1001 &1588257272639654832
PrefabInstance:
  m_ObjectHideFlags: 0
  serializedVersion: 2
  m_Modification:
    m_TransformParent: {fileID: 8503976835683572641}
    m_Modifications:
    - target: {fileID: -8679921383154817045, guid: 0542257c84ad6483cbd2b59828345790, type: 3}
      propertyPath: m_RootOrder
      value: 5
      objectReference: {fileID: 0}
    - target: {fileID: -8679921383154817045, guid: 0542257c84ad6483cbd2b59828345790, type: 3}
      propertyPath: m_LocalPosition.x
      value: -1.13
      objectReference: {fileID: 0}
    - target: {fileID: -8679921383154817045, guid: 0542257c84ad6483cbd2b59828345790, type: 3}
      propertyPath: m_LocalPosition.y
      value: 0.027
      objectReference: {fileID: 0}
    - target: {fileID: -8679921383154817045, guid: 0542257c84ad6483cbd2b59828345790, type: 3}
      propertyPath: m_LocalPosition.z
      value: 0.34
      objectReference: {fileID: 0}
    - target: {fileID: -8679921383154817045, guid: 0542257c84ad6483cbd2b59828345790, type: 3}
      propertyPath: m_LocalRotation.w
      value: 0.75991315
      objectReference: {fileID: 0}
    - target: {fileID: -8679921383154817045, guid: 0542257c84ad6483cbd2b59828345790, type: 3}
      propertyPath: m_LocalRotation.x
      value: 0.07959476
      objectReference: {fileID: 0}
    - target: {fileID: -8679921383154817045, guid: 0542257c84ad6483cbd2b59828345790, type: 3}
      propertyPath: m_LocalRotation.y
      value: -0.6381321
      objectReference: {fileID: 0}
    - target: {fileID: -8679921383154817045, guid: 0542257c84ad6483cbd2b59828345790, type: 3}
      propertyPath: m_LocalRotation.z
      value: 0.09478467
      objectReference: {fileID: 0}
    - target: {fileID: -8679921383154817045, guid: 0542257c84ad6483cbd2b59828345790, type: 3}
      propertyPath: m_LocalEulerAnglesHint.x
      value: 14.001
      objectReference: {fileID: 0}
    - target: {fileID: -8679921383154817045, guid: 0542257c84ad6483cbd2b59828345790, type: 3}
      propertyPath: m_LocalEulerAnglesHint.y
      value: -79.735
      objectReference: {fileID: 0}
    - target: {fileID: -8679921383154817045, guid: 0542257c84ad6483cbd2b59828345790, type: 3}
      propertyPath: m_LocalEulerAnglesHint.z
      value: 2.509
      objectReference: {fileID: 0}
    - target: {fileID: 919132149155446097, guid: 0542257c84ad6483cbd2b59828345790, type: 3}
      propertyPath: m_Name
      value: SM_Props_ArchivadorPapel_01
      objectReference: {fileID: 0}
    m_RemovedComponents: []
  m_SourcePrefab: {fileID: 100100000, guid: 0542257c84ad6483cbd2b59828345790, type: 3}
--- !u!4 &1261050701138848859 stripped
Transform:
  m_CorrespondingSourceObject: {fileID: -8679921383154817045, guid: 0542257c84ad6483cbd2b59828345790, type: 3}
  m_PrefabInstance: {fileID: 1588257272639654832}
  m_PrefabAsset: {fileID: 0}
--- !u!1001 &1958249945854173939
PrefabInstance:
  m_ObjectHideFlags: 0
  serializedVersion: 2
  m_Modification:
    m_TransformParent: {fileID: 8503976835683572641}
    m_Modifications:
    - target: {fileID: -8679921383154817045, guid: 0567d964132c04589841232424796f5b, type: 3}
      propertyPath: m_RootOrder
      value: 0
      objectReference: {fileID: 0}
    - target: {fileID: -8679921383154817045, guid: 0567d964132c04589841232424796f5b, type: 3}
      propertyPath: m_LocalPosition.x
      value: -0.674
      objectReference: {fileID: 0}
    - target: {fileID: -8679921383154817045, guid: 0567d964132c04589841232424796f5b, type: 3}
      propertyPath: m_LocalPosition.y
      value: 0.028
      objectReference: {fileID: 0}
    - target: {fileID: -8679921383154817045, guid: 0567d964132c04589841232424796f5b, type: 3}
      propertyPath: m_LocalPosition.z
      value: 0.245
      objectReference: {fileID: 0}
    - target: {fileID: -8679921383154817045, guid: 0567d964132c04589841232424796f5b, type: 3}
      propertyPath: m_LocalRotation.w
      value: 0.9940893
      objectReference: {fileID: 0}
    - target: {fileID: -8679921383154817045, guid: 0567d964132c04589841232424796f5b, type: 3}
      propertyPath: m_LocalRotation.x
      value: -0
      objectReference: {fileID: 0}
    - target: {fileID: -8679921383154817045, guid: 0567d964132c04589841232424796f5b, type: 3}
      propertyPath: m_LocalRotation.y
      value: -0.10856548
      objectReference: {fileID: 0}
    - target: {fileID: -8679921383154817045, guid: 0567d964132c04589841232424796f5b, type: 3}
      propertyPath: m_LocalRotation.z
      value: -0
      objectReference: {fileID: 0}
    - target: {fileID: -8679921383154817045, guid: 0567d964132c04589841232424796f5b, type: 3}
      propertyPath: m_LocalEulerAnglesHint.x
      value: 0
      objectReference: {fileID: 0}
    - target: {fileID: -8679921383154817045, guid: 0567d964132c04589841232424796f5b, type: 3}
      propertyPath: m_LocalEulerAnglesHint.y
      value: -12.465
      objectReference: {fileID: 0}
    - target: {fileID: -8679921383154817045, guid: 0567d964132c04589841232424796f5b, type: 3}
      propertyPath: m_LocalEulerAnglesHint.z
      value: 0
      objectReference: {fileID: 0}
    - target: {fileID: 919132149155446097, guid: 0567d964132c04589841232424796f5b, type: 3}
      propertyPath: m_Name
      value: SM_Hosp_Book1_001
      objectReference: {fileID: 0}
    m_RemovedComponents: []
  m_SourcePrefab: {fileID: 100100000, guid: 0567d964132c04589841232424796f5b, type: 3}
--- !u!4 &2064795486634476824 stripped
Transform:
  m_CorrespondingSourceObject: {fileID: -8679921383154817045, guid: 0567d964132c04589841232424796f5b, type: 3}
  m_PrefabInstance: {fileID: 1958249945854173939}
  m_PrefabAsset: {fileID: 0}
--- !u!1001 &2149878396041035276
PrefabInstance:
  m_ObjectHideFlags: 0
  serializedVersion: 2
  m_Modification:
    m_TransformParent: {fileID: 8503976835683572641}
    m_Modifications:
    - target: {fileID: -8679921383154817045, guid: 0542257c84ad6483cbd2b59828345790, type: 3}
      propertyPath: m_RootOrder
      value: 7
      objectReference: {fileID: 0}
    - target: {fileID: -8679921383154817045, guid: 0542257c84ad6483cbd2b59828345790, type: 3}
      propertyPath: m_LocalPosition.x
      value: -0.94
      objectReference: {fileID: 0}
    - target: {fileID: -8679921383154817045, guid: 0542257c84ad6483cbd2b59828345790, type: 3}
      propertyPath: m_LocalPosition.y
      value: 0.047
      objectReference: {fileID: 0}
    - target: {fileID: -8679921383154817045, guid: 0542257c84ad6483cbd2b59828345790, type: 3}
      propertyPath: m_LocalPosition.z
      value: 0.34
      objectReference: {fileID: 0}
    - target: {fileID: -8679921383154817045, guid: 0542257c84ad6483cbd2b59828345790, type: 3}
      propertyPath: m_LocalRotation.w
      value: 0.7421685
      objectReference: {fileID: 0}
    - target: {fileID: -8679921383154817045, guid: 0542257c84ad6483cbd2b59828345790, type: 3}
      propertyPath: m_LocalRotation.x
      value: 0.15852647
      objectReference: {fileID: 0}
    - target: {fileID: -8679921383154817045, guid: 0542257c84ad6483cbd2b59828345790, type: 3}
      propertyPath: m_LocalRotation.y
      value: -0.6232316
      objectReference: {fileID: 0}
    - target: {fileID: -8679921383154817045, guid: 0542257c84ad6483cbd2b59828345790, type: 3}
      propertyPath: m_LocalRotation.z
      value: 0.18877964
      objectReference: {fileID: 0}
    - target: {fileID: -8679921383154817045, guid: 0542257c84ad6483cbd2b59828345790, type: 3}
      propertyPath: m_LocalEulerAnglesHint.x
      value: 28.074
      objectReference: {fileID: 0}
    - target: {fileID: -8679921383154817045, guid: 0542257c84ad6483cbd2b59828345790, type: 3}
      propertyPath: m_LocalEulerAnglesHint.y
      value: -78.699
      objectReference: {fileID: 0}
    - target: {fileID: -8679921383154817045, guid: 0542257c84ad6483cbd2b59828345790, type: 3}
      propertyPath: m_LocalEulerAnglesHint.z
      value: 5.373
      objectReference: {fileID: 0}
    - target: {fileID: 919132149155446097, guid: 0542257c84ad6483cbd2b59828345790, type: 3}
      propertyPath: m_Name
      value: SM_Props_ArchivadorPapel_01 (2)
      objectReference: {fileID: 0}
    m_RemovedComponents: []
  m_SourcePrefab: {fileID: 100100000, guid: 0542257c84ad6483cbd2b59828345790, type: 3}
--- !u!4 &1900341470631729639 stripped
Transform:
  m_CorrespondingSourceObject: {fileID: -8679921383154817045, guid: 0542257c84ad6483cbd2b59828345790, type: 3}
  m_PrefabInstance: {fileID: 2149878396041035276}
  m_PrefabAsset: {fileID: 0}
--- !u!1001 &4309926237707689717
PrefabInstance:
  m_ObjectHideFlags: 0
  serializedVersion: 2
  m_Modification:
    m_TransformParent: {fileID: 8503976835683572641}
    m_Modifications:
    - target: {fileID: -8679921383154817045, guid: 0542257c84ad6483cbd2b59828345790, type: 3}
      propertyPath: m_RootOrder
      value: 6
      objectReference: {fileID: 0}
    - target: {fileID: -8679921383154817045, guid: 0542257c84ad6483cbd2b59828345790, type: 3}
      propertyPath: m_LocalPosition.x
      value: -1.047
      objectReference: {fileID: 0}
    - target: {fileID: -8679921383154817045, guid: 0542257c84ad6483cbd2b59828345790, type: 3}
      propertyPath: m_LocalPosition.y
      value: 0.038
      objectReference: {fileID: 0}
    - target: {fileID: -8679921383154817045, guid: 0542257c84ad6483cbd2b59828345790, type: 3}
      propertyPath: m_LocalPosition.z
      value: 0.34
      objectReference: {fileID: 0}
    - target: {fileID: -8679921383154817045, guid: 0542257c84ad6483cbd2b59828345790, type: 3}
      propertyPath: m_LocalRotation.w
      value: 0.75438434
      objectReference: {fileID: 0}
    - target: {fileID: -8679921383154817045, guid: 0542257c84ad6483cbd2b59828345790, type: 3}
      propertyPath: m_LocalRotation.x
      value: 0.110630095
      objectReference: {fileID: 0}
    - target: {fileID: -8679921383154817045, guid: 0542257c84ad6483cbd2b59828345790, type: 3}
      propertyPath: m_LocalRotation.y
      value: -0.63348967
      objectReference: {fileID: 0}
    - target: {fileID: -8679921383154817045, guid: 0542257c84ad6483cbd2b59828345790, type: 3}
      propertyPath: m_LocalRotation.z
      value: 0.13174275
      objectReference: {fileID: 0}
    - target: {fileID: -8679921383154817045, guid: 0542257c84ad6483cbd2b59828345790, type: 3}
      propertyPath: m_LocalEulerAnglesHint.x
      value: 19.501
      objectReference: {fileID: 0}
    - target: {fileID: -8679921383154817045, guid: 0542257c84ad6483cbd2b59828345790, type: 3}
      propertyPath: m_LocalEulerAnglesHint.y
      value: -79.431
      objectReference: {fileID: 0}
    - target: {fileID: -8679921383154817045, guid: 0542257c84ad6483cbd2b59828345790, type: 3}
      propertyPath: m_LocalEulerAnglesHint.z
      value: 3.564
      objectReference: {fileID: 0}
    - target: {fileID: 919132149155446097, guid: 0542257c84ad6483cbd2b59828345790, type: 3}
      propertyPath: m_Name
      value: SM_Props_ArchivadorPapel_01 (1)
      objectReference: {fileID: 0}
    m_RemovedComponents: []
  m_SourcePrefab: {fileID: 100100000, guid: 0542257c84ad6483cbd2b59828345790, type: 3}
--- !u!4 &4342972426654497054 stripped
Transform:
  m_CorrespondingSourceObject: {fileID: -8679921383154817045, guid: 0542257c84ad6483cbd2b59828345790, type: 3}
  m_PrefabInstance: {fileID: 4309926237707689717}
  m_PrefabAsset: {fileID: 0}
--- !u!1001 &4742859860116832218
PrefabInstance:
  m_ObjectHideFlags: 0
  serializedVersion: 2
  m_Modification:
    m_TransformParent: {fileID: 8503976835683572641}
    m_Modifications:
    - target: {fileID: -8679921383154817045, guid: 0567d964132c04589841232424796f5b, type: 3}
      propertyPath: m_RootOrder
      value: 1
      objectReference: {fileID: 0}
    - target: {fileID: -8679921383154817045, guid: 0567d964132c04589841232424796f5b, type: 3}
      propertyPath: m_LocalPosition.x
      value: -0.674
      objectReference: {fileID: 0}
    - target: {fileID: -8679921383154817045, guid: 0567d964132c04589841232424796f5b, type: 3}
      propertyPath: m_LocalPosition.y
      value: 0.060499966
      objectReference: {fileID: 0}
    - target: {fileID: -8679921383154817045, guid: 0567d964132c04589841232424796f5b, type: 3}
      propertyPath: m_LocalPosition.z
      value: 0.245
      objectReference: {fileID: 0}
    - target: {fileID: -8679921383154817045, guid: 0567d964132c04589841232424796f5b, type: 3}
      propertyPath: m_LocalRotation.w
      value: 0.9986945
      objectReference: {fileID: 0}
    - target: {fileID: -8679921383154817045, guid: 0567d964132c04589841232424796f5b, type: 3}
      propertyPath: m_LocalRotation.x
      value: -0
      objectReference: {fileID: 0}
    - target: {fileID: -8679921383154817045, guid: 0567d964132c04589841232424796f5b, type: 3}
      propertyPath: m_LocalRotation.y
      value: -0.05108204
      objectReference: {fileID: 0}
    - target: {fileID: -8679921383154817045, guid: 0567d964132c04589841232424796f5b, type: 3}
      propertyPath: m_LocalRotation.z
      value: -0
      objectReference: {fileID: 0}
    - target: {fileID: -8679921383154817045, guid: 0567d964132c04589841232424796f5b, type: 3}
      propertyPath: m_LocalEulerAnglesHint.x
      value: 0
      objectReference: {fileID: 0}
    - target: {fileID: -8679921383154817045, guid: 0567d964132c04589841232424796f5b, type: 3}
      propertyPath: m_LocalEulerAnglesHint.y
      value: -5.856
      objectReference: {fileID: 0}
    - target: {fileID: -8679921383154817045, guid: 0567d964132c04589841232424796f5b, type: 3}
      propertyPath: m_LocalEulerAnglesHint.z
      value: 0
      objectReference: {fileID: 0}
    - target: {fileID: 919132149155446097, guid: 0567d964132c04589841232424796f5b, type: 3}
      propertyPath: m_Name
      value: SM_Hosp_Book1_001 (1)
      objectReference: {fileID: 0}
    m_RemovedComponents: []
  m_SourcePrefab: {fileID: 100100000, guid: 0567d964132c04589841232424796f5b, type: 3}
--- !u!4 &5069008726644856881 stripped
Transform:
  m_CorrespondingSourceObject: {fileID: -8679921383154817045, guid: 0567d964132c04589841232424796f5b, type: 3}
  m_PrefabInstance: {fileID: 4742859860116832218}
  m_PrefabAsset: {fileID: 0}
--- !u!1001 &5533056233474513366
PrefabInstance:
  m_ObjectHideFlags: 0
  serializedVersion: 2
  m_Modification:
    m_TransformParent: {fileID: 8503976835683572641}
    m_Modifications:
    - target: {fileID: -8679921383154817045, guid: 05480c9f689464037ab7f6dcb3ae26a9, type: 3}
      propertyPath: m_RootOrder
      value: 4
      objectReference: {fileID: 0}
    - target: {fileID: -8679921383154817045, guid: 05480c9f689464037ab7f6dcb3ae26a9, type: 3}
      propertyPath: m_LocalPosition.x
      value: 0
      objectReference: {fileID: 0}
    - target: {fileID: -8679921383154817045, guid: 05480c9f689464037ab7f6dcb3ae26a9, type: 3}
      propertyPath: m_LocalPosition.y
      value: 0
      objectReference: {fileID: 0}
    - target: {fileID: -8679921383154817045, guid: 05480c9f689464037ab7f6dcb3ae26a9, type: 3}
      propertyPath: m_LocalPosition.z
      value: 0
      objectReference: {fileID: 0}
    - target: {fileID: -8679921383154817045, guid: 05480c9f689464037ab7f6dcb3ae26a9, type: 3}
      propertyPath: m_LocalRotation.w
      value: 1
      objectReference: {fileID: 0}
    - target: {fileID: -8679921383154817045, guid: 05480c9f689464037ab7f6dcb3ae26a9, type: 3}
      propertyPath: m_LocalRotation.x
      value: -0
      objectReference: {fileID: 0}
    - target: {fileID: -8679921383154817045, guid: 05480c9f689464037ab7f6dcb3ae26a9, type: 3}
      propertyPath: m_LocalRotation.y
      value: -0
      objectReference: {fileID: 0}
    - target: {fileID: -8679921383154817045, guid: 05480c9f689464037ab7f6dcb3ae26a9, type: 3}
      propertyPath: m_LocalRotation.z
      value: -0
      objectReference: {fileID: 0}
    - target: {fileID: -8679921383154817045, guid: 05480c9f689464037ab7f6dcb3ae26a9, type: 3}
      propertyPath: m_LocalEulerAnglesHint.x
      value: 0
      objectReference: {fileID: 0}
    - target: {fileID: -8679921383154817045, guid: 05480c9f689464037ab7f6dcb3ae26a9, type: 3}
      propertyPath: m_LocalEulerAnglesHint.y
      value: 0
      objectReference: {fileID: 0}
    - target: {fileID: -8679921383154817045, guid: 05480c9f689464037ab7f6dcb3ae26a9, type: 3}
      propertyPath: m_LocalEulerAnglesHint.z
      value: 0
      objectReference: {fileID: 0}
    - target: {fileID: 919132149155446097, guid: 05480c9f689464037ab7f6dcb3ae26a9, type: 3}
      propertyPath: m_Name
      value: SM_Props_LibrosEstante_01
      objectReference: {fileID: 0}
    m_RemovedComponents: []
  m_SourcePrefab: {fileID: 100100000, guid: 05480c9f689464037ab7f6dcb3ae26a9, type: 3}
--- !u!4 &5423429242241105469 stripped
Transform:
  m_CorrespondingSourceObject: {fileID: -8679921383154817045, guid: 05480c9f689464037ab7f6dcb3ae26a9, type: 3}
  m_PrefabInstance: {fileID: 5533056233474513366}
  m_PrefabAsset: {fileID: 0}
