%YAML 1.1
%TAG !u! tag:unity3d.com,2011:
--- !u!1 &5397132083841751441
GameObject:
  m_ObjectHideFlags: 0
  m_CorrespondingSourceObject: {fileID: 0}
  m_PrefabInstance: {fileID: 0}
  m_PrefabAsset: {fileID: 0}
  serializedVersion: 6
  m_Component:
  - component: {fileID: 8447634876300177182}
  m_Layer: 0
  m_Name: Lamp4
  m_TagString: Untagged
  m_Icon: {fileID: 0}
  m_NavMeshLayer: 0
  m_StaticEditorFlags: 0
  m_IsActive: 1
--- !u!4 &8447634876300177182
Transform:
  m_ObjectHideFlags: 0
  m_CorrespondingSourceObject: {fileID: 0}
  m_PrefabInstance: {fileID: 0}
  m_PrefabAsset: {fileID: 0}
  m_GameObject: {fileID: 5397132083841751441}
  m_LocalRotation: {x: 0, y: 0, z: 0, w: 1}
  m_LocalPosition: {x: 0, y: 0, z: 0}
  m_LocalScale: {x: 1, y: 1, z: 1}
  m_ConstrainProportionsScale: 0
  m_Children:
  - {fileID: 224193255515228018}
  - {fileID: 4892769560360576664}
  - {fileID: 1815762713764833521}
  - {fileID: 3625237250694109279}
  - {fileID: 6780987919527953549}
  m_Father: {fileID: 0}
  m_RootOrder: 0
  m_LocalEulerAnglesHint: {x: 0, y: 0, z: 0}
--- !u!1001 &330671449867772057
PrefabInstance:
  m_ObjectHideFlags: 0
  serializedVersion: 2
  m_Modification:
    m_TransformParent: {fileID: 8447634876300177182}
    m_Modifications:
    - target: {fileID: -8679921383154817045, guid: 8f87cf3debcc649da9f45f9eae310e83, type: 3}
      propertyPath: m_RootOrder
      value: 0
      objectReference: {fileID: 0}
    - target: {fileID: -8679921383154817045, guid: 8f87cf3debcc649da9f45f9eae310e83, type: 3}
      propertyPath: m_LocalScale.x
      value: 1.1573948
      objectReference: {fileID: 0}
    - target: {fileID: -8679921383154817045, guid: 8f87cf3debcc649da9f45f9eae310e83, type: 3}
      propertyPath: m_LocalScale.y
      value: 1.0619
      objectReference: {fileID: 0}
    - target: {fileID: -8679921383154817045, guid: 8f87cf3debcc649da9f45f9eae310e83, type: 3}
      propertyPath: m_LocalScale.z
      value: 1.0619
      objectReference: {fileID: 0}
    - target: {fileID: -8679921383154817045, guid: 8f87cf3debcc649da9f45f9eae310e83, type: 3}
      propertyPath: m_LocalPosition.x
      value: 0.022
      objectReference: {fileID: 0}
    - target: {fileID: -8679921383154817045, guid: 8f87cf3debcc649da9f45f9eae310e83, type: 3}
      propertyPath: m_LocalPosition.y
      value: -0.0672
      objectReference: {fileID: 0}
    - target: {fileID: -8679921383154817045, guid: 8f87cf3debcc649da9f45f9eae310e83, type: 3}
      propertyPath: m_LocalPosition.z
      value: -0.287
      objectReference: {fileID: 0}
    - target: {fileID: -8679921383154817045, guid: 8f87cf3debcc649da9f45f9eae310e83, type: 3}
      propertyPath: m_LocalRotation.w
      value: 0.7071068
      objectReference: {fileID: 0}
    - target: {fileID: -8679921383154817045, guid: 8f87cf3debcc649da9f45f9eae310e83, type: 3}
      propertyPath: m_LocalRotation.x
      value: 0
      objectReference: {fileID: 0}
    - target: {fileID: -8679921383154817045, guid: 8f87cf3debcc649da9f45f9eae310e83, type: 3}
      propertyPath: m_LocalRotation.y
      value: 0.7071068
      objectReference: {fileID: 0}
    - target: {fileID: -8679921383154817045, guid: 8f87cf3debcc649da9f45f9eae310e83, type: 3}
      propertyPath: m_LocalRotation.z
      value: 0
      objectReference: {fileID: 0}
    - target: {fileID: -8679921383154817045, guid: 8f87cf3debcc649da9f45f9eae310e83, type: 3}
      propertyPath: m_LocalEulerAnglesHint.x
      value: 0
      objectReference: {fileID: 0}
    - target: {fileID: -8679921383154817045, guid: 8f87cf3debcc649da9f45f9eae310e83, type: 3}
      propertyPath: m_LocalEulerAnglesHint.y
      value: 90
      objectReference: {fileID: 0}
    - target: {fileID: -8679921383154817045, guid: 8f87cf3debcc649da9f45f9eae310e83, type: 3}
      propertyPath: m_LocalEulerAnglesHint.z
      value: 0
      objectReference: {fileID: 0}
    - target: {fileID: 919132149155446097, guid: 8f87cf3debcc649da9f45f9eae310e83, type: 3}
      propertyPath: m_Name
      value: SM_Lamp3_Luz
      objectReference: {fileID: 0}
    m_RemovedComponents: []
  m_SourcePrefab: {fileID: 100100000, guid: 8f87cf3debcc649da9f45f9eae310e83, type: 3}
--- !u!4 &224193255515228018 stripped
Transform:
  m_CorrespondingSourceObject: {fileID: -8679921383154817045, guid: 8f87cf3debcc649da9f45f9eae310e83, type: 3}
  m_PrefabInstance: {fileID: 330671449867772057}
  m_PrefabAsset: {fileID: 0}
--- !u!1001 &2213620286575038234
PrefabInstance:
  m_ObjectHideFlags: 0
  serializedVersion: 2
  m_Modification:
    m_TransformParent: {fileID: 8447634876300177182}
    m_Modifications:
    - target: {fileID: -8679921383154817045, guid: 8f87cf3debcc649da9f45f9eae310e83, type: 3}
      propertyPath: m_RootOrder
      value: 2
      objectReference: {fileID: 0}
    - target: {fileID: -8679921383154817045, guid: 8f87cf3debcc649da9f45f9eae310e83, type: 3}
      propertyPath: m_LocalScale.x
      value: 1.1573948
      objectReference: {fileID: 0}
    - target: {fileID: -8679921383154817045, guid: 8f87cf3debcc649da9f45f9eae310e83, type: 3}
      propertyPath: m_LocalScale.y
      value: 1.0619
      objectReference: {fileID: 0}
    - target: {fileID: -8679921383154817045, guid: 8f87cf3debcc649da9f45f9eae310e83, type: 3}
      propertyPath: m_LocalScale.z
      value: 1.0619
      objectReference: {fileID: 0}
    - target: {fileID: -8679921383154817045, guid: 8f87cf3debcc649da9f45f9eae310e83, type: 3}
      propertyPath: m_LocalPosition.x
      value: 0.144
      objectReference: {fileID: 0}
    - target: {fileID: -8679921383154817045, guid: 8f87cf3debcc649da9f45f9eae310e83, type: 3}
      propertyPath: m_LocalPosition.y
      value: -0.0672
      objectReference: {fileID: 0}
    - target: {fileID: -8679921383154817045, guid: 8f87cf3debcc649da9f45f9eae310e83, type: 3}
      propertyPath: m_LocalPosition.z
      value: -0.287
      objectReference: {fileID: 0}
    - target: {fileID: -8679921383154817045, guid: 8f87cf3debcc649da9f45f9eae310e83, type: 3}
      propertyPath: m_LocalRotation.w
      value: 0.7071068
      objectReference: {fileID: 0}
    - target: {fileID: -8679921383154817045, guid: 8f87cf3debcc649da9f45f9eae310e83, type: 3}
      propertyPath: m_LocalRotation.x
      value: 0
      objectReference: {fileID: 0}
    - target: {fileID: -8679921383154817045, guid: 8f87cf3debcc649da9f45f9eae310e83, type: 3}
      propertyPath: m_LocalRotation.y
      value: 0.7071068
      objectReference: {fileID: 0}
    - target: {fileID: -8679921383154817045, guid: 8f87cf3debcc649da9f45f9eae310e83, type: 3}
      propertyPath: m_LocalRotation.z
      value: 0
      objectReference: {fileID: 0}
    - target: {fileID: -8679921383154817045, guid: 8f87cf3debcc649da9f45f9eae310e83, type: 3}
      propertyPath: m_LocalEulerAnglesHint.x
      value: 0
      objectReference: {fileID: 0}
    - target: {fileID: -8679921383154817045, guid: 8f87cf3debcc649da9f45f9eae310e83, type: 3}
      propertyPath: m_LocalEulerAnglesHint.y
      value: 90
      objectReference: {fileID: 0}
    - target: {fileID: -8679921383154817045, guid: 8f87cf3debcc649da9f45f9eae310e83, type: 3}
      propertyPath: m_LocalEulerAnglesHint.z
      value: 0
      objectReference: {fileID: 0}
    - target: {fileID: 919132149155446097, guid: 8f87cf3debcc649da9f45f9eae310e83, type: 3}
      propertyPath: m_Name
      value: SM_Lamp3_Luz (1)
      objectReference: {fileID: 0}
    m_RemovedComponents: []
  m_SourcePrefab: {fileID: 100100000, guid: 8f87cf3debcc649da9f45f9eae310e83, type: 3}
--- !u!4 &1815762713764833521 stripped
Transform:
  m_CorrespondingSourceObject: {fileID: -8679921383154817045, guid: 8f87cf3debcc649da9f45f9eae310e83, type: 3}
  m_PrefabInstance: {fileID: 2213620286575038234}
  m_PrefabAsset: {fileID: 0}
--- !u!1001 &3874739926241099700
PrefabInstance:
  m_ObjectHideFlags: 0
  serializedVersion: 2
  m_Modification:
    m_TransformParent: {fileID: 8447634876300177182}
    m_Modifications:
    - target: {fileID: -8679921383154817045, guid: 8f87cf3debcc649da9f45f9eae310e83, type: 3}
      propertyPath: m_RootOrder
      value: 3
      objectReference: {fileID: 0}
    - target: {fileID: -8679921383154817045, guid: 8f87cf3debcc649da9f45f9eae310e83, type: 3}
      propertyPath: m_LocalScale.x
      value: 1.1573948
      objectReference: {fileID: 0}
    - target: {fileID: -8679921383154817045, guid: 8f87cf3debcc649da9f45f9eae310e83, type: 3}
      propertyPath: m_LocalScale.y
      value: 1.0619
      objectReference: {fileID: 0}
    - target: {fileID: -8679921383154817045, guid: 8f87cf3debcc649da9f45f9eae310e83, type: 3}
      propertyPath: m_LocalScale.z
      value: 1.0619
      objectReference: {fileID: 0}
    - target: {fileID: -8679921383154817045, guid: 8f87cf3debcc649da9f45f9eae310e83, type: 3}
      propertyPath: m_LocalPosition.x
      value: -0.079
      objectReference: {fileID: 0}
    - target: {fileID: -8679921383154817045, guid: 8f87cf3debcc649da9f45f9eae310e83, type: 3}
      propertyPath: m_LocalPosition.y
      value: -0.0672
      objectReference: {fileID: 0}
    - target: {fileID: -8679921383154817045, guid: 8f87cf3debcc649da9f45f9eae310e83, type: 3}
      propertyPath: m_LocalPosition.z
      value: -0.287
      objectReference: {fileID: 0}
    - target: {fileID: -8679921383154817045, guid: 8f87cf3debcc649da9f45f9eae310e83, type: 3}
      propertyPath: m_LocalRotation.w
      value: 0.7071068
      objectReference: {fileID: 0}
    - target: {fileID: -8679921383154817045, guid: 8f87cf3debcc649da9f45f9eae310e83, type: 3}
      propertyPath: m_LocalRotation.x
      value: 0
      objectReference: {fileID: 0}
    - target: {fileID: -8679921383154817045, guid: 8f87cf3debcc649da9f45f9eae310e83, type: 3}
      propertyPath: m_LocalRotation.y
      value: 0.7071068
      objectReference: {fileID: 0}
    - target: {fileID: -8679921383154817045, guid: 8f87cf3debcc649da9f45f9eae310e83, type: 3}
      propertyPath: m_LocalRotation.z
      value: 0
      objectReference: {fileID: 0}
    - target: {fileID: -8679921383154817045, guid: 8f87cf3debcc649da9f45f9eae310e83, type: 3}
      propertyPath: m_LocalEulerAnglesHint.x
      value: 0
      objectReference: {fileID: 0}
    - target: {fileID: -8679921383154817045, guid: 8f87cf3debcc649da9f45f9eae310e83, type: 3}
      propertyPath: m_LocalEulerAnglesHint.y
      value: 90
      objectReference: {fileID: 0}
    - target: {fileID: -8679921383154817045, guid: 8f87cf3debcc649da9f45f9eae310e83, type: 3}
      propertyPath: m_LocalEulerAnglesHint.z
      value: 0
      objectReference: {fileID: 0}
    - target: {fileID: 919132149155446097, guid: 8f87cf3debcc649da9f45f9eae310e83, type: 3}
      propertyPath: m_Name
      value: SM_Lamp3_Luz (2)
      objectReference: {fileID: 0}
    m_RemovedComponents: []
  m_SourcePrefab: {fileID: 100100000, guid: 8f87cf3debcc649da9f45f9eae310e83, type: 3}
--- !u!4 &3625237250694109279 stripped
Transform:
  m_CorrespondingSourceObject: {fileID: -8679921383154817045, guid: 8f87cf3debcc649da9f45f9eae310e83, type: 3}
  m_PrefabInstance: {fileID: 3874739926241099700}
  m_PrefabAsset: {fileID: 0}
--- !u!1001 &4930353627423277427
PrefabInstance:
  m_ObjectHideFlags: 0
  serializedVersion: 2
  m_Modification:
    m_TransformParent: {fileID: 8447634876300177182}
    m_Modifications:
    - target: {fileID: -8679921383154817045, guid: ca3302964e9b8443394b057a9d12495d, type: 3}
      propertyPath: m_RootOrder
      value: 1
      objectReference: {fileID: 0}
    - target: {fileID: -8679921383154817045, guid: ca3302964e9b8443394b057a9d12495d, type: 3}
      propertyPath: m_LocalPosition.x
      value: 0
      objectReference: {fileID: 0}
    - target: {fileID: -8679921383154817045, guid: ca3302964e9b8443394b057a9d12495d, type: 3}
      propertyPath: m_LocalPosition.y
      value: 0
      objectReference: {fileID: 0}
    - target: {fileID: -8679921383154817045, guid: ca3302964e9b8443394b057a9d12495d, type: 3}
      propertyPath: m_LocalPosition.z
      value: 0
      objectReference: {fileID: 0}
    - target: {fileID: -8679921383154817045, guid: ca3302964e9b8443394b057a9d12495d, type: 3}
      propertyPath: m_LocalRotation.w
      value: 0
      objectReference: {fileID: 0}
    - target: {fileID: -8679921383154817045, guid: ca3302964e9b8443394b057a9d12495d, type: 3}
      propertyPath: m_LocalRotation.x
      value: 1
      objectReference: {fileID: 0}
    - target: {fileID: -8679921383154817045, guid: ca3302964e9b8443394b057a9d12495d, type: 3}
      propertyPath: m_LocalRotation.y
      value: 0
      objectReference: {fileID: 0}
    - target: {fileID: -8679921383154817045, guid: ca3302964e9b8443394b057a9d12495d, type: 3}
      propertyPath: m_LocalRotation.z
      value: 0
      objectReference: {fileID: 0}
    - target: {fileID: -8679921383154817045, guid: ca3302964e9b8443394b057a9d12495d, type: 3}
      propertyPath: m_LocalEulerAnglesHint.x
      value: 180
      objectReference: {fileID: 0}
    - target: {fileID: -8679921383154817045, guid: ca3302964e9b8443394b057a9d12495d, type: 3}
      propertyPath: m_LocalEulerAnglesHint.y
      value: 0
      objectReference: {fileID: 0}
    - target: {fileID: -8679921383154817045, guid: ca3302964e9b8443394b057a9d12495d, type: 3}
      propertyPath: m_LocalEulerAnglesHint.z
      value: 0
      objectReference: {fileID: 0}
    - target: {fileID: 919132149155446097, guid: ca3302964e9b8443394b057a9d12495d, type: 3}
      propertyPath: m_Name
      value: SM_Hosp_LightLamp_001
      objectReference: {fileID: 0}
    m_RemovedComponents: []
  m_SourcePrefab: {fileID: 100100000, guid: ca3302964e9b8443394b057a9d12495d, type: 3}
--- !u!4 &4892769560360576664 stripped
Transform:
  m_CorrespondingSourceObject: {fileID: -8679921383154817045, guid: ca3302964e9b8443394b057a9d12495d, type: 3}
  m_PrefabInstance: {fileID: 4930353627423277427}
  m_PrefabAsset: {fileID: 0}
--- !u!1001 &6453748325430633318
PrefabInstance:
  m_ObjectHideFlags: 0
  serializedVersion: 2
  m_Modification:
    m_TransformParent: {fileID: 8447634876300177182}
    m_Modifications:
    - target: {fileID: -8679921383154817045, guid: 8f87cf3debcc649da9f45f9eae310e83, type: 3}
      propertyPath: m_RootOrder
      value: 4
      objectReference: {fileID: 0}
    - target: {fileID: -8679921383154817045, guid: 8f87cf3debcc649da9f45f9eae310e83, type: 3}
      propertyPath: m_LocalScale.x
      value: 1.1573948
      objectReference: {fileID: 0}
    - target: {fileID: -8679921383154817045, guid: 8f87cf3debcc649da9f45f9eae310e83, type: 3}
      propertyPath: m_LocalScale.y
      value: 1.0619
      objectReference: {fileID: 0}
    - target: {fileID: -8679921383154817045, guid: 8f87cf3debcc649da9f45f9eae310e83, type: 3}
      propertyPath: m_LocalScale.z
      value: 1.0619
      objectReference: {fileID: 0}
    - target: {fileID: -8679921383154817045, guid: 8f87cf3debcc649da9f45f9eae310e83, type: 3}
      propertyPath: m_LocalPosition.x
      value: -0.199
      objectReference: {fileID: 0}
    - target: {fileID: -8679921383154817045, guid: 8f87cf3debcc649da9f45f9eae310e83, type: 3}
      propertyPath: m_LocalPosition.y
      value: -0.0672
      objectReference: {fileID: 0}
    - target: {fileID: -8679921383154817045, guid: 8f87cf3debcc649da9f45f9eae310e83, type: 3}
      propertyPath: m_LocalPosition.z
      value: -0.287
      objectReference: {fileID: 0}
    - target: {fileID: -8679921383154817045, guid: 8f87cf3debcc649da9f45f9eae310e83, type: 3}
      propertyPath: m_LocalRotation.w
      value: 0.7071068
      objectReference: {fileID: 0}
    - target: {fileID: -8679921383154817045, guid: 8f87cf3debcc649da9f45f9eae310e83, type: 3}
      propertyPath: m_LocalRotation.x
      value: 0
      objectReference: {fileID: 0}
    - target: {fileID: -8679921383154817045, guid: 8f87cf3debcc649da9f45f9eae310e83, type: 3}
      propertyPath: m_LocalRotation.y
      value: 0.7071068
      objectReference: {fileID: 0}
    - target: {fileID: -8679921383154817045, guid: 8f87cf3debcc649da9f45f9eae310e83, type: 3}
      propertyPath: m_LocalRotation.z
      value: 0
      objectReference: {fileID: 0}
    - target: {fileID: -8679921383154817045, guid: 8f87cf3debcc649da9f45f9eae310e83, type: 3}
      propertyPath: m_LocalEulerAnglesHint.x
      value: 0
      objectReference: {fileID: 0}
    - target: {fileID: -8679921383154817045, guid: 8f87cf3debcc649da9f45f9eae310e83, type: 3}
      propertyPath: m_LocalEulerAnglesHint.y
      value: 90
      objectReference: {fileID: 0}
    - target: {fileID: -8679921383154817045, guid: 8f87cf3debcc649da9f45f9eae310e83, type: 3}
      propertyPath: m_LocalEulerAnglesHint.z
      value: 0
      objectReference: {fileID: 0}
    - target: {fileID: 919132149155446097, guid: 8f87cf3debcc649da9f45f9eae310e83, type: 3}
      propertyPath: m_Name
      value: SM_Lamp3_Luz (3)
      objectReference: {fileID: 0}
    m_RemovedComponents: []
  m_SourcePrefab: {fileID: 100100000, guid: 8f87cf3debcc649da9f45f9eae310e83, type: 3}
--- !u!4 &6780987919527953549 stripped
Transform:
  m_CorrespondingSourceObject: {fileID: -8679921383154817045, guid: 8f87cf3debcc649da9f45f9eae310e83, type: 3}
  m_PrefabInstance: {fileID: 6453748325430633318}
  m_PrefabAsset: {fileID: 0}
