%YAML 1.1
%TAG !u! tag:unity3d.com,2011:
--- !u!1 &3715679651223899005
GameObject:
  m_ObjectHideFlags: 0
  m_CorrespondingSourceObject: {fileID: 0}
  m_PrefabInstance: {fileID: 0}
  m_PrefabAsset: {fileID: 0}
  serializedVersion: 6
  m_Component:
  - component: {fileID: 1107782013116496074}
  m_Layer: 0
  m_Name: Wall3Door2
  m_TagString: Untagged
  m_Icon: {fileID: 0}
  m_NavMeshLayer: 0
  m_StaticEditorFlags: 0
  m_IsActive: 1
--- !u!4 &1107782013116496074
Transform:
  m_ObjectHideFlags: 0
  m_CorrespondingSourceObject: {fileID: 0}
  m_PrefabInstance: {fileID: 0}
  m_PrefabAsset: {fileID: 0}
  m_GameObject: {fileID: 3715679651223899005}
  m_LocalRotation: {x: 0, y: 0, z: 0, w: 1}
  m_LocalPosition: {x: 0, y: 0, z: 0}
  m_LocalScale: {x: 1, y: 1, z: 1}
  m_ConstrainProportionsScale: 0
  m_Children:
  - {fileID: 8250500002958317654}
  - {fileID: 5831716868440098539}
  - {fileID: 1229634281054164424}
  - {fileID: 6228532514682823257}
  - {fileID: 2271286766861841680}
  - {fileID: 9214465196512127129}
  - {fileID: 1267013559843855355}
  - {fileID: 1312855244666336761}
  - {fileID: 6696043094607240624}
  m_Father: {fileID: 0}
  m_RootOrder: 0
  m_LocalEulerAnglesHint: {x: 0, y: 0, z: 0}
--- !u!1001 &1563465535086465554
PrefabInstance:
  m_ObjectHideFlags: 0
  serializedVersion: 2
  m_Modification:
    m_TransformParent: {fileID: 1107782013116496074}
    m_Modifications:
    - target: {fileID: -8679921383154817045, guid: 778806965f1164ec9a83c1c961c418b5, type: 3}
      propertyPath: m_RootOrder
      value: 7
      objectReference: {fileID: 0}
    - target: {fileID: -8679921383154817045, guid: 778806965f1164ec9a83c1c961c418b5, type: 3}
      propertyPath: m_LocalScale.y
      value: 1.01
      objectReference: {fileID: 0}
    - target: {fileID: -8679921383154817045, guid: 778806965f1164ec9a83c1c961c418b5, type: 3}
      propertyPath: m_LocalPosition.x
      value: -1.4
      objectReference: {fileID: 0}
    - target: {fileID: -8679921383154817045, guid: 778806965f1164ec9a83c1c961c418b5, type: 3}
      propertyPath: m_LocalPosition.y
      value: 0
      objectReference: {fileID: 0}
    - target: {fileID: -8679921383154817045, guid: 778806965f1164ec9a83c1c961c418b5, type: 3}
      propertyPath: m_LocalPosition.z
      value: -0.05
      objectReference: {fileID: 0}
    - target: {fileID: -8679921383154817045, guid: 778806965f1164ec9a83c1c961c418b5, type: 3}
      propertyPath: m_LocalRotation.w
      value: 1
      objectReference: {fileID: 0}
    - target: {fileID: -8679921383154817045, guid: 778806965f1164ec9a83c1c961c418b5, type: 3}
      propertyPath: m_LocalRotation.x
      value: -0
      objectReference: {fileID: 0}
    - target: {fileID: -8679921383154817045, guid: 778806965f1164ec9a83c1c961c418b5, type: 3}
      propertyPath: m_LocalRotation.y
      value: -0
      objectReference: {fileID: 0}
    - target: {fileID: -8679921383154817045, guid: 778806965f1164ec9a83c1c961c418b5, type: 3}
      propertyPath: m_LocalRotation.z
      value: -0
      objectReference: {fileID: 0}
    - target: {fileID: -8679921383154817045, guid: 778806965f1164ec9a83c1c961c418b5, type: 3}
      propertyPath: m_LocalEulerAnglesHint.x
      value: 0
      objectReference: {fileID: 0}
    - target: {fileID: -8679921383154817045, guid: 778806965f1164ec9a83c1c961c418b5, type: 3}
      propertyPath: m_LocalEulerAnglesHint.y
      value: 0
      objectReference: {fileID: 0}
    - target: {fileID: -8679921383154817045, guid: 778806965f1164ec9a83c1c961c418b5, type: 3}
      propertyPath: m_LocalEulerAnglesHint.z
      value: 0
      objectReference: {fileID: 0}
    - target: {fileID: 919132149155446097, guid: 778806965f1164ec9a83c1c961c418b5, type: 3}
      propertyPath: m_Name
      value: SM_Hosp_DoorFrame1_001
      objectReference: {fileID: 0}
    m_RemovedComponents: []
  m_SourcePrefab: {fileID: 100100000, guid: 778806965f1164ec9a83c1c961c418b5, type: 3}
--- !u!4 &1312855244666336761 stripped
Transform:
  m_CorrespondingSourceObject: {fileID: -8679921383154817045, guid: 778806965f1164ec9a83c1c961c418b5, type: 3}
  m_PrefabInstance: {fileID: 1563465535086465554}
  m_PrefabAsset: {fileID: 0}
--- !u!1001 &1594256005194447888
PrefabInstance:
  m_ObjectHideFlags: 0
  serializedVersion: 2
  m_Modification:
    m_TransformParent: {fileID: 1107782013116496074}
    m_Modifications:
    - target: {fileID: -8679921383154817045, guid: 2871a3bd296fd487ba824c39bad92721, type: 3}
      propertyPath: m_RootOrder
      value: 6
      objectReference: {fileID: 0}
    - target: {fileID: -8679921383154817045, guid: 2871a3bd296fd487ba824c39bad92721, type: 3}
      propertyPath: m_LocalPosition.x
      value: 0
      objectReference: {fileID: 0}
    - target: {fileID: -8679921383154817045, guid: 2871a3bd296fd487ba824c39bad92721, type: 3}
      propertyPath: m_LocalPosition.y
      value: 3.00006
      objectReference: {fileID: 0}
    - target: {fileID: -8679921383154817045, guid: 2871a3bd296fd487ba824c39bad92721, type: 3}
      propertyPath: m_LocalPosition.z
      value: -0.25
      objectReference: {fileID: 0}
    - target: {fileID: -8679921383154817045, guid: 2871a3bd296fd487ba824c39bad92721, type: 3}
      propertyPath: m_LocalRotation.w
      value: 0
      objectReference: {fileID: 0}
    - target: {fileID: -8679921383154817045, guid: 2871a3bd296fd487ba824c39bad92721, type: 3}
      propertyPath: m_LocalRotation.x
      value: 1
      objectReference: {fileID: 0}
    - target: {fileID: -8679921383154817045, guid: 2871a3bd296fd487ba824c39bad92721, type: 3}
      propertyPath: m_LocalRotation.y
      value: 0
      objectReference: {fileID: 0}
    - target: {fileID: -8679921383154817045, guid: 2871a3bd296fd487ba824c39bad92721, type: 3}
      propertyPath: m_LocalRotation.z
      value: 0
      objectReference: {fileID: 0}
    - target: {fileID: -8679921383154817045, guid: 2871a3bd296fd487ba824c39bad92721, type: 3}
      propertyPath: m_LocalEulerAnglesHint.x
      value: 0
      objectReference: {fileID: 0}
    - target: {fileID: -8679921383154817045, guid: 2871a3bd296fd487ba824c39bad92721, type: 3}
      propertyPath: m_LocalEulerAnglesHint.y
      value: 180
      objectReference: {fileID: 0}
    - target: {fileID: -8679921383154817045, guid: 2871a3bd296fd487ba824c39bad92721, type: 3}
      propertyPath: m_LocalEulerAnglesHint.z
      value: 180
      objectReference: {fileID: 0}
    - target: {fileID: 919132149155446097, guid: 2871a3bd296fd487ba824c39bad92721, type: 3}
      propertyPath: m_Name
      value: SM_Hosp_RoofMDF1_003 (2)
      objectReference: {fileID: 0}
    m_RemovedComponents: []
  m_SourcePrefab: {fileID: 100100000, guid: 2871a3bd296fd487ba824c39bad92721, type: 3}
--- !u!4 &1267013559843855355 stripped
Transform:
  m_CorrespondingSourceObject: {fileID: -8679921383154817045, guid: 2871a3bd296fd487ba824c39bad92721, type: 3}
  m_PrefabInstance: {fileID: 1594256005194447888}
  m_PrefabAsset: {fileID: 0}
--- !u!1001 &1628667680667808291
PrefabInstance:
  m_ObjectHideFlags: 0
  serializedVersion: 2
  m_Modification:
    m_TransformParent: {fileID: 1107782013116496074}
    m_Modifications:
    - target: {fileID: -8679921383154817045, guid: a80c11c47120d4612ad7013a0e843d1b, type: 3}
      propertyPath: m_RootOrder
      value: 2
      objectReference: {fileID: 0}
    - target: {fileID: -8679921383154817045, guid: a80c11c47120d4612ad7013a0e843d1b, type: 3}
      propertyPath: m_LocalScale.x
      value: -0.3971938
      objectReference: {fileID: 0}
    - target: {fileID: -8679921383154817045, guid: a80c11c47120d4612ad7013a0e843d1b, type: 3}
      propertyPath: m_LocalPosition.x
      value: -3.00006
      objectReference: {fileID: 0}
    - target: {fileID: -8679921383154817045, guid: a80c11c47120d4612ad7013a0e843d1b, type: 3}
      propertyPath: m_LocalPosition.y
      value: 0
      objectReference: {fileID: 0}
    - target: {fileID: -8679921383154817045, guid: a80c11c47120d4612ad7013a0e843d1b, type: 3}
      propertyPath: m_LocalPosition.z
      value: 0
      objectReference: {fileID: 0}
    - target: {fileID: -8679921383154817045, guid: a80c11c47120d4612ad7013a0e843d1b, type: 3}
      propertyPath: m_LocalRotation.w
      value: 1
      objectReference: {fileID: 0}
    - target: {fileID: -8679921383154817045, guid: a80c11c47120d4612ad7013a0e843d1b, type: 3}
      propertyPath: m_LocalRotation.x
      value: -0
      objectReference: {fileID: 0}
    - target: {fileID: -8679921383154817045, guid: a80c11c47120d4612ad7013a0e843d1b, type: 3}
      propertyPath: m_LocalRotation.y
      value: -0
      objectReference: {fileID: 0}
    - target: {fileID: -8679921383154817045, guid: a80c11c47120d4612ad7013a0e843d1b, type: 3}
      propertyPath: m_LocalRotation.z
      value: -0
      objectReference: {fileID: 0}
    - target: {fileID: -8679921383154817045, guid: a80c11c47120d4612ad7013a0e843d1b, type: 3}
      propertyPath: m_LocalEulerAnglesHint.x
      value: 0
      objectReference: {fileID: 0}
    - target: {fileID: -8679921383154817045, guid: a80c11c47120d4612ad7013a0e843d1b, type: 3}
      propertyPath: m_LocalEulerAnglesHint.y
      value: 0
      objectReference: {fileID: 0}
    - target: {fileID: -8679921383154817045, guid: a80c11c47120d4612ad7013a0e843d1b, type: 3}
      propertyPath: m_LocalEulerAnglesHint.z
      value: 0
      objectReference: {fileID: 0}
    - target: {fileID: 919132149155446097, guid: a80c11c47120d4612ad7013a0e843d1b, type: 3}
      propertyPath: m_Name
      value: SM_Hosp_RastreraMDF1_002 (1)
      objectReference: {fileID: 0}
    m_RemovedComponents: []
  m_SourcePrefab: {fileID: 100100000, guid: a80c11c47120d4612ad7013a0e843d1b, type: 3}
--- !u!4 &1229634281054164424 stripped
Transform:
  m_CorrespondingSourceObject: {fileID: -8679921383154817045, guid: a80c11c47120d4612ad7013a0e843d1b, type: 3}
  m_PrefabInstance: {fileID: 1628667680667808291}
  m_PrefabAsset: {fileID: 0}
--- !u!1001 &1733747569989063419
PrefabInstance:
  m_ObjectHideFlags: 0
  serializedVersion: 2
  m_Modification:
    m_TransformParent: {fileID: 1107782013116496074}
    m_Modifications:
    - target: {fileID: -8679921383154817045, guid: a80c11c47120d4612ad7013a0e843d1b, type: 3}
      propertyPath: m_RootOrder
      value: 4
      objectReference: {fileID: 0}
    - target: {fileID: -8679921383154817045, guid: a80c11c47120d4612ad7013a0e843d1b, type: 3}
      propertyPath: m_LocalScale.x
      value: 0.3971938
      objectReference: {fileID: 0}
    - target: {fileID: -8679921383154817045, guid: a80c11c47120d4612ad7013a0e843d1b, type: 3}
      propertyPath: m_LocalScale.y
      value: 1
      objectReference: {fileID: 0}
    - target: {fileID: -8679921383154817045, guid: a80c11c47120d4612ad7013a0e843d1b, type: 3}
      propertyPath: m_LocalScale.z
      value: 1
      objectReference: {fileID: 0}
    - target: {fileID: -8679921383154817045, guid: a80c11c47120d4612ad7013a0e843d1b, type: 3}
      propertyPath: m_LocalPosition.x
      value: -3.00006
      objectReference: {fileID: 0}
    - target: {fileID: -8679921383154817045, guid: a80c11c47120d4612ad7013a0e843d1b, type: 3}
      propertyPath: m_LocalPosition.y
      value: 0
      objectReference: {fileID: 0}
    - target: {fileID: -8679921383154817045, guid: a80c11c47120d4612ad7013a0e843d1b, type: 3}
      propertyPath: m_LocalPosition.z
      value: -0.25
      objectReference: {fileID: 0}
    - target: {fileID: -8679921383154817045, guid: a80c11c47120d4612ad7013a0e843d1b, type: 3}
      propertyPath: m_LocalRotation.w
      value: 0
      objectReference: {fileID: 0}
    - target: {fileID: -8679921383154817045, guid: a80c11c47120d4612ad7013a0e843d1b, type: 3}
      propertyPath: m_LocalRotation.x
      value: 0
      objectReference: {fileID: 0}
    - target: {fileID: -8679921383154817045, guid: a80c11c47120d4612ad7013a0e843d1b, type: 3}
      propertyPath: m_LocalRotation.y
      value: -1
      objectReference: {fileID: 0}
    - target: {fileID: -8679921383154817045, guid: a80c11c47120d4612ad7013a0e843d1b, type: 3}
      propertyPath: m_LocalRotation.z
      value: 0
      objectReference: {fileID: 0}
    - target: {fileID: -8679921383154817045, guid: a80c11c47120d4612ad7013a0e843d1b, type: 3}
      propertyPath: m_LocalEulerAnglesHint.x
      value: 0
      objectReference: {fileID: 0}
    - target: {fileID: -8679921383154817045, guid: a80c11c47120d4612ad7013a0e843d1b, type: 3}
      propertyPath: m_LocalEulerAnglesHint.y
      value: -180
      objectReference: {fileID: 0}
    - target: {fileID: -8679921383154817045, guid: a80c11c47120d4612ad7013a0e843d1b, type: 3}
      propertyPath: m_LocalEulerAnglesHint.z
      value: 0
      objectReference: {fileID: 0}
    - target: {fileID: 919132149155446097, guid: a80c11c47120d4612ad7013a0e843d1b, type: 3}
      propertyPath: m_Name
      value: SM_Hosp_RastreraMDF1_002 (2)
      objectReference: {fileID: 0}
    m_RemovedComponents: []
  m_SourcePrefab: {fileID: 100100000, guid: a80c11c47120d4612ad7013a0e843d1b, type: 3}
--- !u!4 &2271286766861841680 stripped
Transform:
  m_CorrespondingSourceObject: {fileID: -8679921383154817045, guid: a80c11c47120d4612ad7013a0e843d1b, type: 3}
  m_PrefabInstance: {fileID: 1733747569989063419}
  m_PrefabAsset: {fileID: 0}
--- !u!1001 &5907183597082543538
PrefabInstance:
  m_ObjectHideFlags: 0
  serializedVersion: 2
  m_Modification:
    m_TransformParent: {fileID: 1107782013116496074}
    m_Modifications:
    - target: {fileID: -8679921383154817045, guid: cdca24cfe7d2f49d18903ac548d96da3, type: 3}
      propertyPath: m_RootOrder
      value: 3
      objectReference: {fileID: 0}
    - target: {fileID: -8679921383154817045, guid: cdca24cfe7d2f49d18903ac548d96da3, type: 3}
      propertyPath: m_LocalPosition.x
      value: 0
      objectReference: {fileID: 0}
    - target: {fileID: -8679921383154817045, guid: cdca24cfe7d2f49d18903ac548d96da3, type: 3}
      propertyPath: m_LocalPosition.y
      value: 0
      objectReference: {fileID: 0}
    - target: {fileID: -8679921383154817045, guid: cdca24cfe7d2f49d18903ac548d96da3, type: 3}
      propertyPath: m_LocalPosition.z
      value: 0
      objectReference: {fileID: 0}
    - target: {fileID: -8679921383154817045, guid: cdca24cfe7d2f49d18903ac548d96da3, type: 3}
      propertyPath: m_LocalRotation.w
      value: 1
      objectReference: {fileID: 0}
    - target: {fileID: -8679921383154817045, guid: cdca24cfe7d2f49d18903ac548d96da3, type: 3}
      propertyPath: m_LocalRotation.x
      value: -0
      objectReference: {fileID: 0}
    - target: {fileID: -8679921383154817045, guid: cdca24cfe7d2f49d18903ac548d96da3, type: 3}
      propertyPath: m_LocalRotation.y
      value: -0
      objectReference: {fileID: 0}
    - target: {fileID: -8679921383154817045, guid: cdca24cfe7d2f49d18903ac548d96da3, type: 3}
      propertyPath: m_LocalRotation.z
      value: -0
      objectReference: {fileID: 0}
    - target: {fileID: -8679921383154817045, guid: cdca24cfe7d2f49d18903ac548d96da3, type: 3}
      propertyPath: m_LocalEulerAnglesHint.x
      value: 0
      objectReference: {fileID: 0}
    - target: {fileID: -8679921383154817045, guid: cdca24cfe7d2f49d18903ac548d96da3, type: 3}
      propertyPath: m_LocalEulerAnglesHint.y
      value: 0
      objectReference: {fileID: 0}
    - target: {fileID: -8679921383154817045, guid: cdca24cfe7d2f49d18903ac548d96da3, type: 3}
      propertyPath: m_LocalEulerAnglesHint.z
      value: 0
      objectReference: {fileID: 0}
    - target: {fileID: 919132149155446097, guid: cdca24cfe7d2f49d18903ac548d96da3, type: 3}
      propertyPath: m_Name
      value: SM_Hosp_Wall_Door2
      objectReference: {fileID: 0}
    m_RemovedComponents: []
  m_SourcePrefab: {fileID: 100100000, guid: cdca24cfe7d2f49d18903ac548d96da3, type: 3}
--- !u!4 &6228532514682823257 stripped
Transform:
  m_CorrespondingSourceObject: {fileID: -8679921383154817045, guid: cdca24cfe7d2f49d18903ac548d96da3, type: 3}
  m_PrefabInstance: {fileID: 5907183597082543538}
  m_PrefabAsset: {fileID: 0}
--- !u!1 &6718211754269325539 stripped
GameObject:
  m_CorrespondingSourceObject: {fileID: 919132149155446097, guid: cdca24cfe7d2f49d18903ac548d96da3, type: 3}
  m_PrefabInstance: {fileID: 5907183597082543538}
  m_PrefabAsset: {fileID: 0}
--- !u!65 &8656187118263674309
BoxCollider:
  m_ObjectHideFlags: 0
  m_CorrespondingSourceObject: {fileID: 0}
  m_PrefabInstance: {fileID: 0}
  m_PrefabAsset: {fileID: 0}
  m_GameObject: {fileID: 6718211754269325539}
  m_Material: {fileID: 0}
  m_IsTrigger: 0
  m_Enabled: 1
  serializedVersion: 2
  m_Size: {x: 1.4064865, y: 3, z: 0.25}
  m_Center: {x: -0.70324326, y: 1.5, z: -0.125}
--- !u!65 &9070307674322100239
BoxCollider:
  m_ObjectHideFlags: 0
  m_CorrespondingSourceObject: {fileID: 0}
  m_PrefabInstance: {fileID: 0}
  m_PrefabAsset: {fileID: 0}
  m_GameObject: {fileID: 6718211754269325539}
  m_Material: {fileID: 0}
  m_IsTrigger: 0
  m_Enabled: 1
  serializedVersion: 2
  m_Size: {x: 0.4075141, y: 3, z: 0.25}
  m_Center: {x: -2.7962434, y: 1.5, z: -0.125}
--- !u!1001 &6297390061717283072
PrefabInstance:
  m_ObjectHideFlags: 0
  serializedVersion: 2
  m_Modification:
    m_TransformParent: {fileID: 1107782013116496074}
    m_Modifications:
    - target: {fileID: -8679921383154817045, guid: a80c11c47120d4612ad7013a0e843d1b, type: 3}
      propertyPath: m_RootOrder
      value: 1
      objectReference: {fileID: 0}
    - target: {fileID: -8679921383154817045, guid: a80c11c47120d4612ad7013a0e843d1b, type: 3}
      propertyPath: m_LocalScale.x
      value: 1.3991
      objectReference: {fileID: 0}
    - target: {fileID: -8679921383154817045, guid: a80c11c47120d4612ad7013a0e843d1b, type: 3}
      propertyPath: m_LocalPosition.x
      value: 0
      objectReference: {fileID: 0}
    - target: {fileID: -8679921383154817045, guid: a80c11c47120d4612ad7013a0e843d1b, type: 3}
      propertyPath: m_LocalPosition.y
      value: 0
      objectReference: {fileID: 0}
    - target: {fileID: -8679921383154817045, guid: a80c11c47120d4612ad7013a0e843d1b, type: 3}
      propertyPath: m_LocalPosition.z
      value: 0
      objectReference: {fileID: 0}
    - target: {fileID: -8679921383154817045, guid: a80c11c47120d4612ad7013a0e843d1b, type: 3}
      propertyPath: m_LocalRotation.w
      value: 1
      objectReference: {fileID: 0}
    - target: {fileID: -8679921383154817045, guid: a80c11c47120d4612ad7013a0e843d1b, type: 3}
      propertyPath: m_LocalRotation.x
      value: -0
      objectReference: {fileID: 0}
    - target: {fileID: -8679921383154817045, guid: a80c11c47120d4612ad7013a0e843d1b, type: 3}
      propertyPath: m_LocalRotation.y
      value: -0
      objectReference: {fileID: 0}
    - target: {fileID: -8679921383154817045, guid: a80c11c47120d4612ad7013a0e843d1b, type: 3}
      propertyPath: m_LocalRotation.z
      value: -0
      objectReference: {fileID: 0}
    - target: {fileID: -8679921383154817045, guid: a80c11c47120d4612ad7013a0e843d1b, type: 3}
      propertyPath: m_LocalEulerAnglesHint.x
      value: 0
      objectReference: {fileID: 0}
    - target: {fileID: -8679921383154817045, guid: a80c11c47120d4612ad7013a0e843d1b, type: 3}
      propertyPath: m_LocalEulerAnglesHint.y
      value: 0
      objectReference: {fileID: 0}
    - target: {fileID: -8679921383154817045, guid: a80c11c47120d4612ad7013a0e843d1b, type: 3}
      propertyPath: m_LocalEulerAnglesHint.z
      value: 0
      objectReference: {fileID: 0}
    - target: {fileID: 919132149155446097, guid: a80c11c47120d4612ad7013a0e843d1b, type: 3}
      propertyPath: m_Name
      value: SM_Hosp_RastreraMDF1_002
      objectReference: {fileID: 0}
    m_RemovedComponents: []
  m_SourcePrefab: {fileID: 100100000, guid: a80c11c47120d4612ad7013a0e843d1b, type: 3}
--- !u!4 &5831716868440098539 stripped
Transform:
  m_CorrespondingSourceObject: {fileID: -8679921383154817045, guid: a80c11c47120d4612ad7013a0e843d1b, type: 3}
  m_PrefabInstance: {fileID: 6297390061717283072}
  m_PrefabAsset: {fileID: 0}
--- !u!1001 &6586416370198051419
PrefabInstance:
  m_ObjectHideFlags: 0
  serializedVersion: 2
  m_Modification:
    m_TransformParent: {fileID: 1107782013116496074}
    m_Modifications:
    - target: {fileID: -8679921383154817045, guid: 81328e92a85944ff597bf95f6616d6b5, type: 3}
      propertyPath: m_RootOrder
      value: 8
      objectReference: {fileID: 0}
    - target: {fileID: -8679921383154817045, guid: 81328e92a85944ff597bf95f6616d6b5, type: 3}
      propertyPath: m_LocalPosition.x
      value: -1.511
      objectReference: {fileID: 0}
    - target: {fileID: -8679921383154817045, guid: 81328e92a85944ff597bf95f6616d6b5, type: 3}
      propertyPath: m_LocalPosition.y
      value: 0.007
      objectReference: {fileID: 0}
    - target: {fileID: -8679921383154817045, guid: 81328e92a85944ff597bf95f6616d6b5, type: 3}
      propertyPath: m_LocalPosition.z
      value: -0.104
      objectReference: {fileID: 0}
    - target: {fileID: -8679921383154817045, guid: 81328e92a85944ff597bf95f6616d6b5, type: 3}
      propertyPath: m_LocalRotation.w
      value: 1
      objectReference: {fileID: 0}
    - target: {fileID: -8679921383154817045, guid: 81328e92a85944ff597bf95f6616d6b5, type: 3}
      propertyPath: m_LocalRotation.x
      value: -0
      objectReference: {fileID: 0}
    - target: {fileID: -8679921383154817045, guid: 81328e92a85944ff597bf95f6616d6b5, type: 3}
      propertyPath: m_LocalRotation.y
      value: -0
      objectReference: {fileID: 0}
    - target: {fileID: -8679921383154817045, guid: 81328e92a85944ff597bf95f6616d6b5, type: 3}
      propertyPath: m_LocalRotation.z
      value: -0
      objectReference: {fileID: 0}
    - target: {fileID: -8679921383154817045, guid: 81328e92a85944ff597bf95f6616d6b5, type: 3}
      propertyPath: m_LocalEulerAnglesHint.x
      value: 0
      objectReference: {fileID: 0}
    - target: {fileID: -8679921383154817045, guid: 81328e92a85944ff597bf95f6616d6b5, type: 3}
      propertyPath: m_LocalEulerAnglesHint.y
      value: 0
      objectReference: {fileID: 0}
    - target: {fileID: -8679921383154817045, guid: 81328e92a85944ff597bf95f6616d6b5, type: 3}
      propertyPath: m_LocalEulerAnglesHint.z
      value: 0
      objectReference: {fileID: 0}
    - target: {fileID: 919132149155446097, guid: 81328e92a85944ff597bf95f6616d6b5, type: 3}
      propertyPath: m_Name
      value: SM_Hosp_Door1_001
      objectReference: {fileID: 0}
    m_RemovedComponents: []
  m_SourcePrefab: {fileID: 100100000, guid: 81328e92a85944ff597bf95f6616d6b5, type: 3}
--- !u!1 &6315963243319117578 stripped
GameObject:
  m_CorrespondingSourceObject: {fileID: 919132149155446097, guid: 81328e92a85944ff597bf95f6616d6b5, type: 3}
  m_PrefabInstance: {fileID: 6586416370198051419}
  m_PrefabAsset: {fileID: 0}
--- !u!65 &370363159262982451
BoxCollider:
  m_ObjectHideFlags: 0
  m_CorrespondingSourceObject: {fileID: 0}
  m_PrefabInstance: {fileID: 0}
  m_PrefabAsset: {fileID: 0}
  m_GameObject: {fileID: 6315963243319117578}
  m_Material: {fileID: 0}
  m_IsTrigger: 0
  m_Enabled: 1
  serializedVersion: 2
  m_Size: {x: 1.0116, y: 2, z: 0.117981255}
  m_Center: {x: -0.50020003, y: 1, z: -0.020000532}
--- !u!4 &6696043094607240624 stripped
Transform:
  m_CorrespondingSourceObject: {fileID: -8679921383154817045, guid: 81328e92a85944ff597bf95f6616d6b5, type: 3}
  m_PrefabInstance: {fileID: 6586416370198051419}
  m_PrefabAsset: {fileID: 0}
--- !u!1001 &8499721275047804861
PrefabInstance:
  m_ObjectHideFlags: 0
  serializedVersion: 2
  m_Modification:
    m_TransformParent: {fileID: 1107782013116496074}
    m_Modifications:
    - target: {fileID: -8679921383154817045, guid: 2871a3bd296fd487ba824c39bad92721, type: 3}
      propertyPath: m_RootOrder
      value: 0
      objectReference: {fileID: 0}
    - target: {fileID: -8679921383154817045, guid: 2871a3bd296fd487ba824c39bad92721, type: 3}
      propertyPath: m_LocalPosition.x
      value: -3.00006
      objectReference: {fileID: 0}
    - target: {fileID: -8679921383154817045, guid: 2871a3bd296fd487ba824c39bad92721, type: 3}
      propertyPath: m_LocalPosition.y
      value: 3.00006
      objectReference: {fileID: 0}
    - target: {fileID: -8679921383154817045, guid: 2871a3bd296fd487ba824c39bad92721, type: 3}
      propertyPath: m_LocalPosition.z
      value: 0
      objectReference: {fileID: 0}
    - target: {fileID: -8679921383154817045, guid: 2871a3bd296fd487ba824c39bad92721, type: 3}
      propertyPath: m_LocalRotation.w
      value: 0
      objectReference: {fileID: 0}
    - target: {fileID: -8679921383154817045, guid: 2871a3bd296fd487ba824c39bad92721, type: 3}
      propertyPath: m_LocalRotation.x
      value: 0
      objectReference: {fileID: 0}
    - target: {fileID: -8679921383154817045, guid: 2871a3bd296fd487ba824c39bad92721, type: 3}
      propertyPath: m_LocalRotation.y
      value: 0
      objectReference: {fileID: 0}
    - target: {fileID: -8679921383154817045, guid: 2871a3bd296fd487ba824c39bad92721, type: 3}
      propertyPath: m_LocalRotation.z
      value: 1
      objectReference: {fileID: 0}
    - target: {fileID: -8679921383154817045, guid: 2871a3bd296fd487ba824c39bad92721, type: 3}
      propertyPath: m_LocalEulerAnglesHint.x
      value: 0
      objectReference: {fileID: 0}
    - target: {fileID: -8679921383154817045, guid: 2871a3bd296fd487ba824c39bad92721, type: 3}
      propertyPath: m_LocalEulerAnglesHint.y
      value: 0
      objectReference: {fileID: 0}
    - target: {fileID: -8679921383154817045, guid: 2871a3bd296fd487ba824c39bad92721, type: 3}
      propertyPath: m_LocalEulerAnglesHint.z
      value: 180
      objectReference: {fileID: 0}
    - target: {fileID: 919132149155446097, guid: 2871a3bd296fd487ba824c39bad92721, type: 3}
      propertyPath: m_Name
      value: SM_Hosp_RoofMDF1_003 (1)
      objectReference: {fileID: 0}
    m_RemovedComponents: []
  m_SourcePrefab: {fileID: 100100000, guid: 2871a3bd296fd487ba824c39bad92721, type: 3}
--- !u!4 &8250500002958317654 stripped
Transform:
  m_CorrespondingSourceObject: {fileID: -8679921383154817045, guid: 2871a3bd296fd487ba824c39bad92721, type: 3}
  m_PrefabInstance: {fileID: 8499721275047804861}
  m_PrefabAsset: {fileID: 0}
--- !u!1001 &8676996378870894450
PrefabInstance:
  m_ObjectHideFlags: 0
  serializedVersion: 2
  m_Modification:
    m_TransformParent: {fileID: 1107782013116496074}
    m_Modifications:
    - target: {fileID: -8679921383154817045, guid: a80c11c47120d4612ad7013a0e843d1b, type: 3}
      propertyPath: m_RootOrder
      value: 5
      objectReference: {fileID: 0}
    - target: {fileID: -8679921383154817045, guid: a80c11c47120d4612ad7013a0e843d1b, type: 3}
      propertyPath: m_LocalScale.x
      value: -1.3991
      objectReference: {fileID: 0}
    - target: {fileID: -8679921383154817045, guid: a80c11c47120d4612ad7013a0e843d1b, type: 3}
      propertyPath: m_LocalPosition.x
      value: 0
      objectReference: {fileID: 0}
    - target: {fileID: -8679921383154817045, guid: a80c11c47120d4612ad7013a0e843d1b, type: 3}
      propertyPath: m_LocalPosition.y
      value: 0
      objectReference: {fileID: 0}
    - target: {fileID: -8679921383154817045, guid: a80c11c47120d4612ad7013a0e843d1b, type: 3}
      propertyPath: m_LocalPosition.z
      value: -0.25
      objectReference: {fileID: 0}
    - target: {fileID: -8679921383154817045, guid: a80c11c47120d4612ad7013a0e843d1b, type: 3}
      propertyPath: m_LocalRotation.w
      value: 0
      objectReference: {fileID: 0}
    - target: {fileID: -8679921383154817045, guid: a80c11c47120d4612ad7013a0e843d1b, type: 3}
      propertyPath: m_LocalRotation.x
      value: 0
      objectReference: {fileID: 0}
    - target: {fileID: -8679921383154817045, guid: a80c11c47120d4612ad7013a0e843d1b, type: 3}
      propertyPath: m_LocalRotation.y
      value: 1
      objectReference: {fileID: 0}
    - target: {fileID: -8679921383154817045, guid: a80c11c47120d4612ad7013a0e843d1b, type: 3}
      propertyPath: m_LocalRotation.z
      value: 0
      objectReference: {fileID: 0}
    - target: {fileID: -8679921383154817045, guid: a80c11c47120d4612ad7013a0e843d1b, type: 3}
      propertyPath: m_LocalEulerAnglesHint.x
      value: 0
      objectReference: {fileID: 0}
    - target: {fileID: -8679921383154817045, guid: a80c11c47120d4612ad7013a0e843d1b, type: 3}
      propertyPath: m_LocalEulerAnglesHint.y
      value: 180
      objectReference: {fileID: 0}
    - target: {fileID: -8679921383154817045, guid: a80c11c47120d4612ad7013a0e843d1b, type: 3}
      propertyPath: m_LocalEulerAnglesHint.z
      value: 0
      objectReference: {fileID: 0}
    - target: {fileID: 919132149155446097, guid: a80c11c47120d4612ad7013a0e843d1b, type: 3}
      propertyPath: m_Name
      value: SM_Hosp_RastreraMDF1_002 (3)
      objectReference: {fileID: 0}
    m_RemovedComponents: []
  m_SourcePrefab: {fileID: 100100000, guid: a80c11c47120d4612ad7013a0e843d1b, type: 3}
--- !u!4 &9214465196512127129 stripped
Transform:
  m_CorrespondingSourceObject: {fileID: -8679921383154817045, guid: a80c11c47120d4612ad7013a0e843d1b, type: 3}
  m_PrefabInstance: {fileID: 8676996378870894450}
  m_PrefabAsset: {fileID: 0}
